<record><leader>00000cas a2200000 a 4500</leader><controlfield tag="001">30411102</controlfield><controlfield tag="007">hd bfu---baat</controlfield><controlfield tag="007">hd afu---bact</controlfield><controlfield tag="008">940510c19569999nbuwr nea     0    0eng d</controlfield><datafield ind1=" " ind2=" " tag="010"><subfield code="a">sn 94055251 </subfield></datafield><datafield ind1=" " ind2=" " tag="040"><subfield code="a">NVG</subfield><subfield code="b">eng</subfield><subfield code="c">NVG</subfield><subfield code="d">OCL</subfield><subfield code="d">OCLCQ</subfield><subfield code="d">OCLCF</subfield><subfield code="d">OCLCO</subfield></datafield><datafield ind1="1" ind2=" " tag="029"><subfield code="a">AU@</subfield><subfield code="b">000010976671</subfield></datafield><datafield ind1=" " ind2=" " tag="042"><subfield code="a">msc</subfield></datafield><datafield ind1="0" ind2="0" tag="245"><subfield code="a">Ainsworth star-journal</subfield><subfield code="h">[microform].</subfield></datafield><datafield ind1="1" ind2="3" tag="246"><subfield code="a">Star-journal</subfield></datafield><datafield ind1="1" ind2="3" tag="246"><subfield code="a">Ainsworth star-journal and Brown County Democrat</subfield><subfield code="f">July 12-Oct. 4, 1956</subfield></datafield><datafield ind1=" " ind2=" " tag="260"><subfield code="a">Ainsworth, Neb. :</subfield><subfield code="b">Robert H. and Gwyneth L. Tyler,</subfield><subfield code="c">1956-</subfield></datafield><datafield ind1=" " ind2=" " tag="300"><subfield code="a">v.</subfield></datafield><datafield ind1=" " ind2=" " tag="310"><subfield code="a">Weekly</subfield></datafield><datafield ind1="0" ind2=" " tag="362"><subfield code="a">Vol. 74, no. 2 (July 12, 1956)-</subfield></datafield><datafield ind1=" " ind2=" " tag="525"><subfield code="a">Issues for Vol. 95, no. 50- accompanied by supplement: Sandhill Advertiser.</subfield></datafield><datafield ind1=" " ind2=" " tag="580"><subfield code="a">Companion of: Sandhiller, Feb. 4-Sept. 8, 1960.</subfield></datafield><datafield ind1=" " ind2=" " tag="533"><subfield code="a">Microfilm.</subfield><subfield code="m">July 12,</subfield><subfield code="d">1956-</subfield><subfield code="b">Lincoln, Neb. :</subfield><subfield code="c">Nebraska State Historical Society.</subfield><subfield code="e">31 microfilm reels ; 35 mm.</subfield></datafield><datafield ind1=" " ind2="0" tag="651"><subfield code="a">Ainsworth (Neb.)</subfield><subfield code="v">Newspapers.</subfield></datafield><datafield ind1=" " ind2="7" tag="655"><subfield code="a">Newspapers.</subfield><subfield code="2">fast</subfield><subfield code="0">(OCoLC)fst01423814</subfield></datafield><datafield ind1=" " ind2="7" tag="651"><subfield code="a">Nebraska</subfield><subfield code="z">Ainsworth.</subfield><subfield code="2">fast</subfield><subfield code="0">(OCoLC)fst01275961</subfield></datafield><datafield ind1=" " ind2=" " tag="752"><subfield code="a">United States</subfield><subfield code="b">Nebraska</subfield><subfield code="c">Brown</subfield><subfield code="d">Ainsworth.</subfield></datafield><datafield ind1="0" ind2=" " tag="730"><subfield code="a">Sandhill Advertiser.</subfield></datafield><datafield ind1="1" ind2=" " tag="776"><subfield code="c">Original</subfield><subfield code="w">(DLC)sn 83005355</subfield></datafield><datafield ind1="0" ind2="0" tag="780"><subfield code="t">Ainsworth star-journal and Brown County Democrat</subfield></datafield><datafield ind1="1" ind2=" " tag="787"><subfield code="t">Sandhiller</subfield><subfield code="w">(DLC)sn 94055221</subfield></datafield></record>